<record><leader>00000cas a2200000 a 4500</leader><controlfield tag="001">5094221</controlfield><controlfield tag="008">790622c19789999cauwr ne      0   a0eng c</controlfield><datafield ind1=" " ind2=" " tag="010"><subfield code="a">sn 79007018 </subfield></datafield><datafield ind1=" " ind2=" " tag="040"><subfield code="a">NSD</subfield><subfield code="b">eng</subfield><subfield code="c">NSD</subfield><subfield code="d">OCL</subfield><subfield code="d">CNK</subfield><subfield code="d">OCLCQ</subfield><subfield code="d">OCLCF</subfield><subfield code="d">OCLCO</subfield></datafield><datafield ind1=" " ind2=" " tag="012"><subfield code="k">1</subfield><subfield code="m">c</subfield></datafield><datafield ind1="1" ind2=" " tag="022"><subfield code="a">0192-0421</subfield><subfield code="l">0192-0421</subfield><subfield code="2">1</subfield></datafield><datafield ind1="1" ind2=" " tag="029"><subfield code="a">AU@</subfield><subfield code="b">000020618856</subfield></datafield><datafield ind1=" " ind2=" " tag="032"><subfield code="a">855080</subfield><subfield code="b">USPS</subfield></datafield><datafield ind1=" " ind2=" " tag="042"><subfield code="a">nsdp</subfield><subfield code="a">pcc</subfield></datafield><datafield ind1="0" ind2=" " tag="130"><subfield code="a">Orange County news (Garden Grove, Calif.)</subfield></datafield><datafield ind1=" " ind2="0" tag="222"><subfield code="a">Orange County news</subfield></datafield><datafield ind1="0" ind2="0" tag="245"><subfield code="a">Orange County news.</subfield></datafield><datafield ind1="1" ind2="7" tag="246"><subfield code="a">Orange County news/independent</subfield><subfield code="f">&lt;May 1, 1992&gt;-</subfield></datafield><datafield ind1=" " ind2=" " tag="260"><subfield code="a">Garden Grove, Calif. :</subfield><subfield code="b">West Orange Pub. Co.,</subfield></datafield><datafield ind1=" " ind2=" " tag="300"><subfield code="a">v.</subfield></datafield><datafield ind1=" " ind2=" " tag="310"><subfield code="a">Weekly,</subfield><subfield code="b">Dec. 29, 1982-</subfield></datafield><datafield ind1=" " ind2=" " tag="321"><subfield code="a">Semiweekly,</subfield><subfield code="b">Feb. 2, 1978-Dec. 22, 1982</subfield></datafield><datafield ind1="0" ind2=" " tag="362"><subfield code="a">70th year, no. 9 (Feb. 2, 1978)-</subfield></datafield><datafield ind1=" " ind2=" " tag="500"><subfield code="a">"Fountain Valley, Garden Grove, Midway City, Stanton, Westminster."</subfield></datafield><datafield ind1=" " ind2=" " tag="515"><subfield code="a">Saturday issues carry no v. or no. designation, Feb. 4-Apr. 28, 1978.</subfield></datafield><datafield ind1=" " ind2=" " tag="580"><subfield code="a">Published in several local editions.</subfield></datafield><datafield ind1=" " ind2="0" tag="651"><subfield code="a">Orange County (Calif.)</subfield><subfield code="v">Newspapers.</subfield></datafield><datafield ind1=" " ind2="0" tag="651"><subfield code="a">Garden Grove (Calif.)</subfield><subfield code="v">Newspapers.</subfield></datafield><datafield ind1=" " ind2="7" tag="655"><subfield code="a">Newspapers.</subfield><subfield code="2">fast</subfield><subfield code="0">(OCoLC)fst01423814</subfield></datafield><datafield ind1=" " ind2="7" tag="651"><subfield code="a">California</subfield><subfield code="z">Garden Grove.</subfield><subfield code="2">fast</subfield><subfield code="0">(OCoLC)fst01216488</subfield></datafield><datafield ind1=" " ind2="7" tag="651"><subfield code="a">California</subfield><subfield code="z">Orange County.</subfield><subfield code="2">fast</subfield><subfield code="0">(OCoLC)fst01206289</subfield></datafield><datafield ind1=" " ind2=" " tag="752"><subfield code="a">United States</subfield><subfield code="b">California</subfield><subfield code="c">Orange</subfield><subfield code="d">Garden Grove.</subfield></datafield><datafield ind1="0" ind2="0" tag="780"><subfield code="t">Orange County evening news (Garden Grove, Calif.)</subfield><subfield code="w">(DLC)sn2002060523</subfield></datafield><datafield ind1=" " ind2=" " tag="936"><subfield code="a">Apr. 29, 1979</subfield></datafield></record>